<collection xmlns="http://www.loc.gov/MARC21/slim"><record><leader>01023nam  2200277   450</leader><controlfield tag="001">16650</controlfield><controlfield tag="003">http://montalegre.opacnet.com/OPAC/default.aspx?ContentAreaControl=ShowRegHoldings.ascx&amp;RegNo=16662</controlfield><controlfield tag="005">20</controlfield><datafield tag="010" ind1=" " ind2=" "><subfield code="a">972-20-0464-6</subfield></datafield><datafield tag="021" ind1=" " ind2=" "><subfield code="a">PT</subfield><subfield code="b">12504/86</subfield></datafield><datafield tag="100" ind1=" " ind2=" "><subfield code="a">20140401d1986    k  y0pory0103    ba</subfield></datafield><datafield tag="101" ind1="1" ind2=" "><subfield code="a">por</subfield></datafield><datafield tag="102" ind1=" " ind2=" "><subfield code="a">PT</subfield></datafield><datafield tag="200" ind1="1" ind2=" "><subfield code="a">Marlene D.</subfield><subfield code="f">Marlene Dietrich</subfield><subfield code="g">trad.: Filipa Rosa de Morais</subfield></datafield><datafield tag="210" ind1=" " ind2=" "><subfield code="a">Lisboa</subfield><subfield code="c">Dom Quixote</subfield><subfield code="d">1986</subfield></datafield><datafield tag="215" ind1=" " ind2=" "><subfield code="a">228 p.</subfield><subfield code="c">il.</subfield><subfield code="d">23 cm</subfield></datafield><datafield tag="225" ind1="2" ind2=" "><subfield code="a">Figuras</subfield><subfield code="v">4</subfield></datafield><datafield tag="532" ind1="1" ind2="0"><subfield code="a">Marlene Dietrich</subfield></datafield><datafield tag="600" ind1=" " ind2="1"><subfield code="a">Dietrich</subfield><subfield code="b">Marlene</subfield><subfield code="c">pseud.</subfield><subfield code="f">1901-1992</subfield><subfield code="2">Autoridade</subfield><subfield code="3">PT-----------2014040116380006083</subfield></datafield><datafield tag="606" ind1=" " ind2=" "><subfield code="a">Cinema</subfield><subfield code="2">Autoridade</subfield><subfield code="3">PT-----------2014040116240006082</subfield></datafield><datafield tag="608" ind1=" " ind2=" "><subfield code="a">Biografias</subfield><subfield code="2">Autoridade</subfield><subfield code="3">PT9999-00-10-2009040123590005428</subfield></datafield><datafield tag="675" ind1=" " ind2=" "><subfield code="a">791.4</subfield></datafield><datafield tag="675" ind1=" " ind2=" "><subfield code="a">929 DIETRICH</subfield></datafield><datafield tag="700" ind1=" " ind2="1"><subfield code="a">Dietrich</subfield><subfield code="b">Marlene</subfield><subfield code="c">pseud.</subfield><subfield code="f">1901-1992</subfield><subfield code="2">Autoridade</subfield><subfield code="3">PT-----------2014040116380006083</subfield></datafield><datafield tag="801" ind1=" " ind2="0"><subfield code="a">PT</subfield><subfield code="b">Biblioteca Municipal de Montalegre</subfield><subfield code="g">RPC</subfield></datafield><datafield tag="856" ind1=" " ind2=" "><subfield code="u">locateMedia.aspx?cod=20140401164122&amp;ext=jpg</subfield><subfield code="z">CAPA</subfield></datafield><datafield tag="909" ind1="&#9;" ind2=" "><subfield code="a">1</subfield></datafield><datafield tag="966" ind1=" " ind2=" "><subfield code="a">0013895</subfield><subfield code="l">BMM</subfield><subfield code="s">SCG 929 DIETRICH</subfield></datafield></record></collection>